<collection xmlns:xsi="http://www.w3.org/2001/XMLSchema-instance" xmlns="http://www.loc.gov/MARC21/slim" xsi:schemaLocation="http://www.loc.gov/MARC21/slim http://www.loc.gov/standards/marcxml/schema/MARC21slim.xsd">

<record>
  <leader>09542ckdaa2201357 a 4500</leader>
  <controlfield tag="001">3462201</controlfield>
  <controlfield tag="005">20100226103353.0</controlfield>
  <controlfield tag="008">890420m19091901xx ||| |||||||   1k|eng d</controlfield>
  <datafield tag="035" ind1=" " ind2=" ">
    <subfield code="a">(OCoLC)80721254</subfield>
  </datafield>
  <datafield tag="035" ind1=" " ind2=" ">
    <subfield code="a">(OCoLC)ocm80721254</subfield>
  </datafield>
  <datafield tag="035" ind1=" " ind2=" ">
    <subfield code="a">(CStRLIN)NYDA89-F475</subfield>
  </datafield>
  <datafield tag="035" ind1=" " ind2=" ">
    <subfield code="9">AAA2672AD</subfield>
  </datafield>
  <datafield tag="035" ind1=" " ind2=" ">
    <subfield code="a">(NNC)3462201</subfield>
  </datafield>
  <datafield tag="040" ind1=" " ind2=" ">
    <subfield code="a">NNC</subfield>
    <subfield code="c">NNC</subfield>
    <subfield code="e">gihc</subfield>
  </datafield>
  <datafield tag="043" ind1=" " ind2=" ">
    <subfield code="a">n-us-ca</subfield>
  </datafield>
  <datafield tag="110" ind1="2" ind2=" ">
    <subfield code="a">Greene &amp; Greene.</subfield>
  </datafield>
  <datafield tag="240" ind1="1" ind2="0">
    <subfield code="a">H.K. Bradley house (Pasadena, Calif.)</subfield>
  </datafield>
  <datafield tag="245" ind1="1" ind2="0">
    <subfield code="a">Residence for H.K. Bradley, Esq. at Pasadena, Cal.</subfield>
    <subfield code="h">[graphic] :</subfield>
    <subfield code="n">Part1] /</subfield>
    <subfield code="c">Greene &amp; Greene, Architects.</subfield>
  </datafield>
  <datafield tag="260" ind1=" " ind2=" ">
    <subfield code="c">1909-[19]10.</subfield>
  </datafield>
  <datafield tag="300" ind1=" " ind2=" ">
    <subfield code="a">131 sheets :</subfield>
    <subfield code="b">various media ;</subfield>
    <subfield code="c">54 x 76 cm. (21 2/8 x 30 in.) or smaller.</subfield>
    <subfield code="e">assorted slips.</subfield>
  </datafield>
  <datafield tag="590" ind1=" " ind2=" ">
    <subfield code="a">This record is Part 1 of 2 parts.</subfield>
  </datafield>
  <datafield tag="500" ind1=" " ind2=" ">
    <subfield code="a">Scale varies.</subfield>
  </datafield>
  <datafield tag="500" ind1=" " ind2=" ">
    <subfield code="a">Bracketed title elements supplied by cataloger or taken from inventoyr.</subfield>
  </datafield>
  <datafield tag="500" ind1=" " ind2=" ">
    <subfield code="a">Forms part of the Greene &amp; Greene collection of architectural drawings; job no. 254.</subfield>
  </datafield>
  <datafield tag="500" ind1=" " ind2=" ">
    <subfield code="a">Set includes slips of paper used as labels for each different scheme, a slip of paper used aas a ruler, and an illustration of an automobile cut from a magazine.  None of these times were assigned an accession no. or filmed.</subfield>
  </datafield>
  <datafield tag="500" ind1=" " ind2=" ">
    <subfield code="a">This set consists of 44 blueprints on paper, 39 pencil drawings on tracing paper, 23 pencil and crayon drawings on tracing paper, 11 blueprints with crayon markings on paper, 11 pencil drawings with ink on tracing paper, 4 pencil drawings on paper, 1 blueprint with pencil markings on paper, and 1 pencil and crayon and ink drawings on tracing paper.</subfield>
  </datafield>
  <datafield tag="561" ind1=" " ind2=" ">
    <subfield code="a">Gift of Jean Murray Bangs (Mrs. Harwell Hamilton Harris), 1960; formerly the collection of Charles Sumner Greene.</subfield>
  </datafield>
  <datafield tag="650" ind1=" " ind2="7">
    <subfield code="a">Houses.</subfield>
    <subfield code="2">aat</subfield>
  </datafield>
  <datafield tag="655" ind1=" " ind2="7">
    <subfield code="a">Preliminary drawings.</subfield>
    <subfield code="2">aat</subfield>
  </datafield>
  <datafield tag="655" ind1=" " ind2="7">
    <subfield code="a">Sketches.</subfield>
    <subfield code="2">aat</subfield>
  </datafield>
  <datafield tag="655" ind1=" " ind2="7">
    <subfield code="a">Perspective drawings.</subfield>
    <subfield code="2">aat</subfield>
  </datafield>
  <datafield tag="655" ind1=" " ind2="7">
    <subfield code="a">Detail drawings.</subfield>
    <subfield code="2">aat</subfield>
  </datafield>
  <datafield tag="655" ind1=" " ind2="7">
    <subfield code="a">Architectural drawings</subfield>
    <subfield code="x">American.</subfield>
    <subfield code="2">aat</subfield>
  </datafield>
  <datafield tag="655" ind1=" " ind2="7">
    <subfield code="a">Orthographic drawings.</subfield>
    <subfield code="2">aat</subfield>
  </datafield>
  <datafield tag="691" ind1=" " ind2="0">
    <subfield code="a">Pasadena (Calif.)</subfield>
  </datafield>
  <datafield tag="650" ind1=" " ind2="0">
    <subfield code="a">Architecture</subfield>
    <subfield code="z">United States</subfield>
    <subfield code="v">Designs and plans.</subfield>
  </datafield>
  <datafield tag="697" ind1="2" ind2="4">
    <subfield code="a">H.K. Bradley house (Pasadena, Calif.)</subfield>
  </datafield>
  <datafield tag="700" ind1="1" ind2=" ">
    <subfield code="a">Greene, Charles Sumner,</subfield>
    <subfield code="d">1868-1957.</subfield>
  </datafield>
  <datafield tag="700" ind1="1" ind2=" ">
    <subfield code="a">Greene, Henry Mather,</subfield>
    <subfield code="d">1870-1954.</subfield>
  </datafield>
  <datafield tag="700" ind1="1" ind2=" ">
    <subfield code="a">Bradley, H. K.</subfield>
  </datafield>
  <datafield tag="755" ind1=" " ind2=" ">
    <subfield code="a">Blueprints.</subfield>
    <subfield code="2">aat</subfield>
  </datafield>
  <datafield tag="755" ind1=" " ind2=" ">
    <subfield code="a">Pencil drawings.</subfield>
    <subfield code="2">aat</subfield>
  </datafield>
  <datafield tag="755" ind1=" " ind2=" ">
    <subfield code="a">Crayon drawings.</subfield>
    <subfield code="2">aat</subfield>
  </datafield>
  <datafield tag="755" ind1=" " ind2=" ">
    <subfield code="a">Ink drawings.</subfield>
    <subfield code="2">aat</subfield>
  </datafield>
  <datafield tag="799" ind1="4" ind2="3">
    <subfield code="a">The Greene &amp; Greene collection of architectural drawings.</subfield>
  </datafield>
  <datafield tag="789" ind1="0" ind2=" ">
    <subfield code="1">[1]</subfield>
    <subfield code="i">NYDA.1960.001.00520.</subfield>
    <subfield code="v">[AVERYimage].</subfield>
    <subfield code="t">First floor plan, first scheme,</subfield>
    <subfield code="d">Jan. 13, 1909.</subfield>
  </datafield>
  <datafield tag="789" ind1="0" ind2=" ">
    <subfield code="1">[2]</subfield>
    <subfield code="i">NYDA.1960.001.00521.</subfield>
    <subfield code="v">[AVERYimage].</subfield>
    <subfield code="t">First floor plan, first scheme,</subfield>
    <subfield code="d">Jan. 13, 1909.</subfield>
  </datafield>
  <datafield tag="789" ind1="0" ind2=" ">
    <subfield code="1">[3]</subfield>
    <subfield code="i">NYDA.1960.001.00522.</subfield>
    <subfield code="v">[AVERYimage].</subfield>
    <subfield code="t">[Sketch of first floor plan, first scheme]</subfield>
  </datafield>
  <datafield tag="789" ind1="0" ind2=" ">
    <subfield code="1">[4]</subfield>
    <subfield code="i">NYDA.1960.001.00523.</subfield>
    <subfield code="v">[AVERYimage].</subfield>
    <subfield code="t">Second floor plan, first scheme,</subfield>
    <subfield code="d">Jan. 13, 1909.</subfield>
  </datafield>
  <datafield tag="789" ind1="0" ind2=" ">
    <subfield code="1">[5]</subfield>
    <subfield code="i">NYDA.1960.001.00524.</subfield>
    <subfield code="v">[AVERYimage].</subfield>
    <subfield code="t">Second floor plan, first scheme,</subfield>
    <subfield code="d">Jan. 13, 1909.</subfield>
  </datafield>
  <datafield tag="789" ind1="0" ind2=" ">
    <subfield code="1">[6]</subfield>
    <subfield code="i">NYDA.1960.001.00525.</subfield>
    <subfield code="v">[AVERYimage].</subfield>
    <subfield code="t">[Sketch of second floor plan, first scheme]</subfield>
  </datafield>
  <datafield tag="789" ind1="0" ind2=" ">
    <subfield code="1">[7]</subfield>
    <subfield code="i">NYDA.1960.001.00526.</subfield>
    <subfield code="v">[AVERYimage].</subfield>
    <subfield code="t">East elevation, first scheme,</subfield>
    <subfield code="d">Jan. 13, 1909.</subfield>
  </datafield>
  <datafield tag="789" ind1="0" ind2=" ">
    <subfield code="1">[8]</subfield>
    <subfield code="i">NYDA.1960.001.00527.</subfield>
    <subfield code="v">[AVERYimage].</subfield>
    <subfield code="t">[Sketch of] east elevation, [first scheme],</subfield>
    <subfield code="d">Jan. 13, 1909.</subfield>
  </datafield>
  <datafield tag="789" ind1="0" ind2=" ">
    <subfield code="1">[9]</subfield>
    <subfield code="i">NYDA.1960.001.00528.</subfield>
    <subfield code="v">[AVERYimage].</subfield>
    <subfield code="t">First floor plan, second scheme,</subfield>
    <subfield code="d">Jan. 21, 1909.</subfield>
  </datafield>
  <datafield tag="789" ind1="0" ind2=" ">
    <subfield code="1">[10]</subfield>
    <subfield code="i">NYDA.1960.001.00529.</subfield>
    <subfield code="v">[AVERYimage].</subfield>
    <subfield code="t">[Sketch of first floor plan, second scheme]</subfield>
  </datafield>
  <datafield tag="789" ind1="0" ind2=" ">
    <subfield code="1">[11]</subfield>
    <subfield code="i">NYDA.1960.001.00530.</subfield>
    <subfield code="v">[AVERYimage].</subfield>
    <subfield code="t">Second floor plan, second scheme,</subfield>
    <subfield code="d">Jan. 21, 1909.</subfield>
  </datafield>
  <datafield tag="789" ind1="0" ind2=" ">
    <subfield code="1">[12]</subfield>
    <subfield code="i">NYDA.1960.001.00531.</subfield>
    <subfield code="v">[AVERYimage].</subfield>
    <subfield code="t">First floor plan, third scheme,</subfield>
    <subfield code="d">Jan. 30, 1909.</subfield>
  </datafield>
  <datafield tag="789" ind1="0" ind2=" ">
    <subfield code="1">[13]</subfield>
    <subfield code="i">NYDA.1960.001.00532.</subfield>
    <subfield code="v">[AVERYimage].</subfield>
    <subfield code="t">Second floor plan, third scheme,</subfield>
    <subfield code="d">Jan. 30, 1909</subfield>
  </datafield>
  <datafield tag="789" ind1="0" ind2=" ">
    <subfield code="1">[14]</subfield>
    <subfield code="i">NYDA.1960.001.00533.</subfield>
    <subfield code="v">[AVERYimage].</subfield>
    <subfield code="t">Third floor plan, third scheme,</subfield>
    <subfield code="d">Jan. 30, 1909.</subfield>
  </datafield>
  <datafield tag="789" ind1="0" ind2=" ">
    <subfield code="1">[15]</subfield>
    <subfield code="i">NYDA.1960.001.00534.</subfield>
    <subfield code="v">[AVERYimage].</subfield>
    <subfield code="t">Front elevation, third scheme,</subfield>
    <subfield code="d">Jan. 30, 1909.</subfield>
  </datafield>
  <datafield tag="789" ind1="0" ind2=" ">
    <subfield code="1">[16]</subfield>
    <subfield code="i">NYDA.1960.001.00535.</subfield>
    <subfield code="v">[AVERYimage].</subfield>
    <subfield code="t">Foundation plan.</subfield>
  </datafield>
  <datafield tag="789" ind1="0" ind2=" ">
    <subfield code="1">[17]</subfield>
    <subfield code="i">NYDA.1960.001.00536.</subfield>
    <subfield code="v">[AVERYimage].</subfield>
    <subfield code="t">First floor plan,</subfield>
    <subfield code="d">Jun. 18, 1909.</subfield>
  </datafield>
  <datafield tag="789" ind1="0" ind2=" ">
    <subfield code="1">[18]</subfield>
    <subfield code="i">NYDA.1960.001.00537.</subfield>
    <subfield code="v">[AVERYimage].</subfield>
    <subfield code="t">Second floor plan,</subfield>
    <subfield code="d">Jun. 18, 1909.</subfield>
  </datafield>
  <datafield tag="789" ind1="0" ind2=" ">
    <subfield code="1">[19]</subfield>
    <subfield code="i">NYDA.1960.001.00538.</subfield>
    <subfield code="v">[AVERYimage].</subfield>
    <subfield code="t">Attic plan,</subfield>
    <subfield code="d">Jun. 18, 1909.</subfield>
  </datafield>
  <datafield tag="789" ind1="0" ind2=" ">
    <subfield code="1">[20]</subfield>
    <subfield code="i">NYDA.1960.001.00539.</subfield>
    <subfield code="v">[AVERYimage].</subfield>
    <subfield code="t">East elevation ; [perspective drawings of] northwest [and] southeast [views of house],</subfield>
    <subfield code="d">Jun. 18, 1909.</subfield>
  </datafield>
  <datafield tag="789" ind1="0" ind2=" ">
    <subfield code="1">[21]</subfield>
    <subfield code="i">NYDA.1960.001.00540.</subfield>
    <subfield code="v">[AVERYimage].</subfield>
    <subfield code="t">North elevation,</subfield>
    <subfield code="d">Jun. 18, 1909.</subfield>
  </datafield>
  <datafield tag="789" ind1="0" ind2=" ">
    <subfield code="1">[22]</subfield>
    <subfield code="i">NYDA.1960.001.00541.</subfield>
    <subfield code="v">[AVERYimage].</subfield>
    <subfield code="t">West elevation,</subfield>
    <subfield code="d">Jun. 18, 1909.</subfield>
  </datafield>
  <datafield tag="789" ind1="0" ind2=" ">
    <subfield code="1">[23]</subfield>
    <subfield code="i">NYDA.1960.001.00542.</subfield>
    <subfield code="v">[AVERYimage].</subfield>
    <subfield code="t">Foundation plan.</subfield>
  </datafield>
  <datafield tag="789" ind1="0" ind2=" ">
    <subfield code="1">[24]</subfield>
    <subfield code="i">NYDA.1960.001.00543.</subfield>
    <subfield code="v">[AVERYimage].</subfield>
    <subfield code="t">Foundation plan :</subfield>
    <subfield code="n">1.</subfield>
  </datafield>
  <datafield tag="789" ind1="0" ind2=" ">
    <subfield code="1">[25]</subfield>
    <subfield code="i">NYDA.1960.001.00544.</subfield>
    <subfield code="v">[AVERYimage].</subfield>
    <subfield code="t">Foundation plan.</subfield>
  </datafield>
  <datafield tag="789" ind1="0" ind2=" ">
    <subfield code="1">[26]</subfield>
    <subfield code="i">NYDA.1960.001.00545.</subfield>
    <subfield code="v">[AVERYimage].</subfield>
    <subfield code="t">Foundation plan.</subfield>
  </datafield>
  <datafield tag="789" ind1="0" ind2=" ">
    <subfield code="1">[27]</subfield>
    <subfield code="i">NYDA.1960.001.00546.</subfield>
    <subfield code="v">[AVERYimage].</subfield>
    <subfield code="t">First floor plan, fifth revision,</subfield>
    <subfield code="d">Mar. 8, 1909.</subfield>
  </datafield>
  <datafield tag="789" ind1="0" ind2=" ">
    <subfield code="1">[28]</subfield>
    <subfield code="i">NYDA.1960.001.00547.</subfield>
    <subfield code="v">[AVERYimage].</subfield>
    <subfield code="t">First floor plan.</subfield>
  </datafield>
  <datafield tag="789" ind1="0" ind2=" ">
    <subfield code="1">[29]</subfield>
    <subfield code="i">NYDA.1960.001.00548.</subfield>
    <subfield code="v">[AVERYimage].</subfield>
    <subfield code="t">First floor plan :</subfield>
    <subfield code="n">2.</subfield>
  </datafield>
  <datafield tag="789" ind1="0" ind2=" ">
    <subfield code="1">[30]</subfield>
    <subfield code="i">NYDA.1960.001.00549.</subfield>
    <subfield code="v">[AVERYimage].</subfield>
    <subfield code="t">First floor plan.</subfield>
  </datafield>
  <datafield tag="789" ind1="0" ind2=" ">
    <subfield code="1">[31]</subfield>
    <subfield code="i">NYDA.1960.001.00550.</subfield>
    <subfield code="v">[AVERYimage].</subfield>
    <subfield code="t">First floor plan.</subfield>
  </datafield>
  <datafield tag="789" ind1="0" ind2=" ">
    <subfield code="1">[32]</subfield>
    <subfield code="i">NYDA.1960.001.00551.</subfield>
    <subfield code="v">[AVERYimage].</subfield>
    <subfield code="t">First floor plan, fifth revision,</subfield>
    <subfield code="d">Mar. 8, 1909.</subfield>
    <subfield code="o">"Residence for H.K. Bradley, Esq. at San Rafael Heights".</subfield>
  </datafield>
  <datafield tag="789" ind1="0" ind2=" ">
    <subfield code="1">[33]</subfield>
    <subfield code="i">NYDA.1960.001.00552.</subfield>
    <subfield code="v">[AVERYimage].</subfield>
    <subfield code="t">[Sketch of first floor plan, fifth revision]</subfield>
  </datafield>
  <datafield tag="789" ind1="0" ind2=" ">
    <subfield code="1">[34]</subfield>
    <subfield code="i">NYDA.1960.001.00553.</subfield>
    <subfield code="v">[AVERYimage].</subfield>
    <subfield code="t">[Sketch of first floor plan, fifth revision]</subfield>
  </datafield>
  <datafield tag="789" ind1="0" ind2=" ">
    <subfield code="1">[35]</subfield>
    <subfield code="i">NYDA.1960.001.00554.</subfield>
    <subfield code="v">[AVERYimage].</subfield>
    <subfield code="t">Second floor plan.</subfield>
  </datafield>
  <datafield tag="789" ind1="0" ind2=" ">
    <subfield code="1">[36]</subfield>
    <subfield code="i">NYDA.1960.001.00555.</subfield>
    <subfield code="v">[AVERYimage].</subfield>
    <subfield code="t">Second floor plan.</subfield>
  </datafield>
  <datafield tag="789" ind1="0" ind2=" ">
    <subfield code="1">[37]</subfield>
    <subfield code="i">NYDA.1960.001.00556.</subfield>
    <subfield code="v">[AVERYimage].</subfield>
    <subfield code="t">Second floor plan.</subfield>
  </datafield>
  <datafield tag="789" ind1="0" ind2=" ">
    <subfield code="1">[38]</subfield>
    <subfield code="i">NYDA.1960.001.00557.</subfield>
    <subfield code="v">[AVERYimage].</subfield>
    <subfield code="t">Second floor plan.</subfield>
  </datafield>
  <datafield tag="789" ind1="0" ind2=" ">
    <subfield code="1">[39]</subfield>
    <subfield code="i">NYDA.1960.001.00558.</subfield>
    <subfield code="v">[AVERYimage].</subfield>
    <subfield code="t">Second floor plan, fifth revision,</subfield>
    <subfield code="d">Mar. 8, 1909.</subfield>
  </datafield>
  <datafield tag="789" ind1="0" ind2=" ">
    <subfield code="1">[40]</subfield>
    <subfield code="i">NYDA.1960.001.00559.</subfield>
    <subfield code="v">[AVERYimage].</subfield>
    <subfield code="t">Second floor plan, fifth revision,</subfield>
    <subfield code="d">Mar. 8, 1909.</subfield>
  </datafield>
  <datafield tag="789" ind1="0" ind2=" ">
    <subfield code="1">[41]</subfield>
    <subfield code="i">NYDA.1960.001.00560.</subfield>
    <subfield code="v">[AVERYimage].</subfield>
    <subfield code="t">[Sketch of second floor plan, fifth revision]</subfield>
  </datafield>
  <datafield tag="789" ind1="0" ind2=" ">
    <subfield code="1">[42]</subfield>
    <subfield code="i">NYDA.1960.001.00561.</subfield>
    <subfield code="v">[AVERYimage].</subfield>
    <subfield code="t">Third floor plan, [fifth revision]</subfield>
  </datafield>
  <datafield tag="789" ind1="0" ind2=" ">
    <subfield code="1">[43]</subfield>
    <subfield code="i">NYDA.1960.001.00562.</subfield>
    <subfield code="v">[AVERYimage].</subfield>
    <subfield code="t">Third floor plan, fifth revision,</subfield>
    <subfield code="d">Mar. 8, 1909.</subfield>
  </datafield>
  <datafield tag="789" ind1="0" ind2=" ">
    <subfield code="1">[44]</subfield>
    <subfield code="i">NYDA.1960.001.00563.</subfield>
    <subfield code="v">[AVERYimage].</subfield>
    <subfield code="t">Third floor plan, [fifth revision],</subfield>
    <subfield code="d">Mar. 8, 1909.</subfield>
  </datafield>
  <datafield tag="789" ind1="0" ind2=" ">
    <subfield code="1">[45]</subfield>
    <subfield code="i">NYDA.1960.001.00564R.</subfield>
    <subfield code="v">[AVERYimage].</subfield>
    <subfield code="t">Third floor plan, [fifth revision] :</subfield>
    <subfield code="n">4.</subfield>
  </datafield>
  <datafield tag="789" ind1="0" ind2=" ">
    <subfield code="1">[46]</subfield>
    <subfield code="i">NYDA.1960.001.00564V.</subfield>
    <subfield code="v">[AVERYimage].</subfield>
    <subfield code="t">[Unidentified rough sketch]</subfield>
  </datafield>
  <datafield tag="789" ind1="0" ind2=" ">
    <subfield code="1">[47]</subfield>
    <subfield code="i">NYDA.1960.001.00565.</subfield>
    <subfield code="v">[AVERYimage].</subfield>
    <subfield code="t">Third floor plan, [fifth revision]</subfield>
  </datafield>
  <datafield tag="789" ind1="0" ind2=" ">
    <subfield code="1">[48]</subfield>
    <subfield code="i">NYDA.1960.001.00566.</subfield>
    <subfield code="v">[AVERYimage].</subfield>
    <subfield code="t">Third floor plan, [fifth revision]</subfield>
  </datafield>
  <datafield tag="789" ind1="0" ind2=" ">
    <subfield code="1">[49]</subfield>
    <subfield code="i">NYDA.1960.001.00567.</subfield>
    <subfield code="v">[AVERYimage].</subfield>
    <subfield code="t">East elevation, fifth revision,</subfield>
    <subfield code="d">Mar. 8, 1909.</subfield>
  </datafield>
  <datafield tag="789" ind1="0" ind2=" ">
    <subfield code="1">[50]</subfield>
    <subfield code="i">NYDA.1960.001.00568.</subfield>
    <subfield code="v">[AVERYimage].</subfield>
    <subfield code="t">East elevation, [fifth revision] :</subfield>
    <subfield code="n">5.</subfield>
  </datafield>
  <datafield tag="789" ind1="0" ind2=" ">
    <subfield code="1">[51]</subfield>
    <subfield code="i">NYDA.1960.001.00569.</subfield>
    <subfield code="v">[AVERYimage].</subfield>
    <subfield code="t">East elevation, [fifth revision]</subfield>
  </datafield>
  <datafield tag="789" ind1="0" ind2=" ">
    <subfield code="1">[52]</subfield>
    <subfield code="i">NYDA.1960.001.00570.</subfield>
    <subfield code="v">[AVERYimage].</subfield>
    <subfield code="t">East elevation, [fifth revision]</subfield>
  </datafield>
  <datafield tag="789" ind1="0" ind2=" ">
    <subfield code="1">[53]</subfield>
    <subfield code="i">NYDA.1960.001.00571.</subfield>
    <subfield code="v">[AVERYimage].</subfield>
    <subfield code="t">[Sketch of east elevation with detail sketch of rafters and unidentified detail sketch, fifth revision],</subfield>
    <subfield code="d">Mar. 8, 1909.</subfield>
  </datafield>
  <datafield tag="789" ind1="0" ind2=" ">
    <subfield code="1">[54]</subfield>
    <subfield code="i">NYDA.1960.001.00572.</subfield>
    <subfield code="v">[AVERYimage].</subfield>
    <subfield code="t">North elevation, fifth revision,</subfield>
    <subfield code="d">Mar.8, 1909.</subfield>
  </datafield>
  <datafield tag="789" ind1="0" ind2=" ">
    <subfield code="1">[55]</subfield>
    <subfield code="i">NYDA.1960.001.00573.</subfield>
    <subfield code="v">[AVERYimage].</subfield>
    <subfield code="t">North elevation, [fifth revision]</subfield>
  </datafield>
  <datafield tag="789" ind1="0" ind2=" ">
    <subfield code="1">[56]</subfield>
    <subfield code="i">NYDA.1960.001.00574.</subfield>
    <subfield code="v">[AVERYimage].</subfield>
    <subfield code="t">North elevation, [fifth revision] :</subfield>
    <subfield code="n">6.</subfield>
  </datafield>
  <datafield tag="789" ind1="0" ind2=" ">
    <subfield code="1">[57]</subfield>
    <subfield code="i">NYDA.1960.001.00575.</subfield>
    <subfield code="v">[AVERYimage].</subfield>
    <subfield code="t">North elevation, [fifth revision]</subfield>
  </datafield>
  <datafield tag="789" ind1="0" ind2=" ">
    <subfield code="1">[58]</subfield>
    <subfield code="i">NYDA.1960.001.00576.</subfield>
    <subfield code="v">[AVERYimage].</subfield>
    <subfield code="t">North elevation, [fifth revision]</subfield>
  </datafield>
  <datafield tag="789" ind1="0" ind2=" ">
    <subfield code="1">[59]</subfield>
    <subfield code="i">NYDA.1960.001.00577.</subfield>
    <subfield code="v">[AVERYimage].</subfield>
    <subfield code="t">West elevation, fifth revision,</subfield>
    <subfield code="d">Mar. 8, 1909.</subfield>
  </datafield>
  <datafield tag="789" ind1="0" ind2=" ">
    <subfield code="1">[60]</subfield>
    <subfield code="i">NYDA.1960.001.00578.</subfield>
    <subfield code="v">[AVERYimage].</subfield>
    <subfield code="t">West elevation, [fifth revision]</subfield>
  </datafield>
  <datafield tag="789" ind1="0" ind2=" ">
    <subfield code="1">[61]</subfield>
    <subfield code="i">NYDA.1960.001.00579.</subfield>
    <subfield code="v">[AVERYimage].</subfield>
    <subfield code="t">West elevation, [fifth revision] :</subfield>
    <subfield code="n">7.</subfield>
  </datafield>
  <datafield tag="789" ind1="0" ind2=" ">
    <subfield code="1">[62]</subfield>
    <subfield code="i">NYDA.1960.001.00580.</subfield>
    <subfield code="v">[AVERYimage].</subfield>
    <subfield code="t">[West elevation, fifth revision]</subfield>
  </datafield>
  <datafield tag="789" ind1="0" ind2=" ">
    <subfield code="1">[63]</subfield>
    <subfield code="i">NYDA.1960.001.00581.</subfield>
    <subfield code="v">[AVERYimage].</subfield>
    <subfield code="t">West elevation, [fifth revision]</subfield>
  </datafield>
  <datafield tag="789" ind1="0" ind2=" ">
    <subfield code="1">[64]</subfield>
    <subfield code="i">NYDA.1960.001.00582.</subfield>
    <subfield code="v">[AVERYimage].</subfield>
    <subfield code="t">[Sketch of] west elevation [with rough detail sketches], fifth revision,</subfield>
    <subfield code="d">Mar. 8, 1909.</subfield>
  </datafield>
  <datafield tag="789" ind1="0" ind2=" ">
    <subfield code="1">[65]</subfield>
    <subfield code="i">NYDA.1960.001.00583.</subfield>
    <subfield code="v">[AVERYimage].</subfield>
    <subfield code="t">South elevation, east elevation.</subfield>
    <subfield code="o">Portion of east elevation torn away.</subfield>
  </datafield>
  <datafield tag="789" ind1="0" ind2=" ">
    <subfield code="1">[66]</subfield>
    <subfield code="i">NYDA.1960.001.00584.</subfield>
    <subfield code="v">[AVERYimage].</subfield>
    <subfield code="t">South elevation, fifth revision,</subfield>
    <subfield code="d">Mar. 8, 1909.</subfield>
  </datafield>
  <datafield tag="789" ind1="0" ind2=" ">
    <subfield code="1">[67]</subfield>
    <subfield code="i">NYDA.1960.001.00585.</subfield>
    <subfield code="v">[AVERYimage].</subfield>
    <subfield code="t">South elevation, [fifth revision] :</subfield>
    <subfield code="n">8.</subfield>
  </datafield>
  <datafield tag="789" ind1="0" ind2=" ">
    <subfield code="1">[68]</subfield>
    <subfield code="i">NYDA.1960.001.00586.</subfield>
    <subfield code="v">[AVERYimage].</subfield>
    <subfield code="t">South elevation.</subfield>
  </datafield>
  <datafield tag="789" ind1="0" ind2=" ">
    <subfield code="1">[69]</subfield>
    <subfield code="i">NYDA.1960.001.00587.</subfield>
    <subfield code="v">[AVERYimage].</subfield>
    <subfield code="t">South elevation.</subfield>
  </datafield>
  <datafield tag="789" ind1="0" ind2=" ">
    <subfield code="1">[70]</subfield>
    <subfield code="i">NYDA.1960.001.00588.</subfield>
    <subfield code="v">[AVERYimage].</subfield>
    <subfield code="t">[Sketch of south elevation with unidentified rough detail sketch], fifth revision,</subfield>
    <subfield code="d">Mar. 8, 1909.</subfield>
  </datafield>
  <datafield tag="900" ind1=" " ind2=" ">
    <subfield code="a">AUTH</subfield>
  </datafield>
</record>

</collection>